<?xml version="1.0" encoding="UTF-8"?><collection xmlns="http://www.loc.gov/MARC21/slim"><record><leader>00337nam--2200109-i-4500</leader><controlfield tag="001">000015421</controlfield><controlfield tag="002">20161230</controlfield><controlfield tag="005">20161230201031</controlfield><controlfield tag="008">060222s1000------------r-----000-0-eng-d</controlfield><datafield ind1=" " ind2=" " tag="245"><subfield code="a">Canada report to gospar. twenty-second meeting bangalore, india, may 1979-1980</subfield></datafield><datafield ind1=" " ind2=" " tag="260"><subfield code="a">Ottawa, National Research Council Of Canada, 1979</subfield></datafield><datafield ind1=" " ind2=" " tag="852"><subfield code="a">629.19(71)</subfield></datafield></record></collection>